<?xml version="1.0" encoding="UTF-8"?><collection xmlns="http://www.loc.gov/MARC21/slim"><record><leader>00392nam--2200133-i-4500</leader><controlfield tag="001">000024841</controlfield><controlfield tag="002">20161230</controlfield><controlfield tag="005">20161230201035</controlfield><controlfield tag="008">060222s1000------------r-----000-0-eng-d</controlfield><datafield ind1=" " ind2=" " tag="100"><subfield code="a">Walter, W</subfield></datafield><datafield ind1=" " ind2=" " tag="245"><subfield code="a">Ergebnisse der mathematik und ihrer grenzgebiete.differential and integral inequalities</subfield></datafield><datafield ind1=" " ind2=" " tag="260"><subfield code="a">Berlin, Springer-verlag, 1970</subfield></datafield><datafield ind1=" " ind2=" " tag="852"><subfield code="a">49143</subfield><subfield code="c">517.9</subfield></datafield><datafield ind1=" " ind2=" " tag="CAT"><subfield code="a">Sys</subfield><subfield code="c">20090319</subfield><subfield code="h">144034</subfield></datafield></record></collection>